@techreport{rfc2616,
    AUTHOR = "R, Fielding and UC, Irvine and J, Gettys and Compaq/W3C and J, Mogul and Compaq and H, Frystyk and W3C/MIT and L, Masinter and Xerox and P, Leach and Microsoft and T, Berners-Lee",
    TITLE = "{Hypertext Transfer Protocol -- HTTP/1.1}",
    YEAR = {1999},
    MONTH = {June},
    NUMBER = "2616",
    TYPE = "{RFC}",
    INSTITUTION = "{RFC Editor}",
    HOWPUBLISHED = {Internet Requests for Comments},
    url = {https://tools.ietf.org/html/rfc2616}
}
@article{exploringsteno,
    AUTHOR = "Neil F, Johnson and Sushil, Jajodia",
    TITLE = "Exploring Steganography: Seeing the unseen",
    YEAR = "1998",
    MONTH = "Feb",
    INSTITUTION = "George Mason University",
    JOURNAL = "Computer",
    VOLUME = "31",
    NUMBER = "2",
    PAGES = "26--34",
    PUBLISHER = "IEEE"
}
@article{introsteno,
    AUTHOR = "N, Provos and P, Honeyman",
    TITLE = "Hide and seek: an introduction to steganography",
    YEAR = "2003",
    MONTH = "June",
    INSTITUTION = "University of Michigan",
    JOURNAL = "{IEEE Security \& Privacy}",
    VOLUME = "99",
    ISSUE = "3",
    PAGES = "32--44",
    PUBLISHER = "IEEE"
}
@article{detectingdns,
    AUTHOR="Greg Farnham",
    TITLE="Detecting DNS Tunneling",
    YEAR="2013",
    MONTH="Feb",
    INSTITUTION="SANS Institute",
    JOURNAL="SANS Institute Reading Room"
}
@article{freqanal,
    AUTHOR="Kenton, Born and Dr. David, Gustafson",
    TITLE ="Detecting DNS Tunnels Using Character Frequency Analysis",
    YEAR=2010,
    JOURNAL="CoRR",
    volume={abs,1004.4358}
}
