@techreport{rfc2616,
    AUTHOR = "R, Fielding and UC, Irvine and J, Gettys and Compaq/W3C and J, Mogul and Compaq and H, Frystyk and W3C/MIT and L, Masinter and Xerox and P, Leach and Microsoft and T, Berners-Lee",
    TITLE = "{Hypertext Transfer Protocol -- HTTP/1.1}",
    YEAR = {1999},
    MONTH = {June},
    NUMBER = "2616",
    TYPE = "{RFC}",
    INSTITUTION = "{RFC Editor}",
    HOWPUBLISHED = {Internet Requests for Comments},
    url = {https://tools.ietf.org/html/rfc2616}
}
@techreport{rfc7230,
    AUTHOR = "R. Fielding and J. Reschke",
    TITLE = "{Hypertext Transfer Protocol (HTTP/1.1): Message Syntax and Routing}",
    YEAR = {2014},
    MONTH = {June},
    NUMBER = "7230",
    TYPE = "{RFC}",
    INSTITUTION = "{RFC Editor}",
    HOWPUBLISHED = {Internet Requests for Comments},
    url = {https://tools.ietf.org/html/rfc7230}
}
@techreport{rfc2764,
    AUTHOR = "B. Gleeson and A. Lin and Nortel Networks and J. Heinanen and Telia Finland and G. Armitage and A. Malis and Lucent Technologies",
    TITLE = "{A Framework for IP Based Virtual Private Networks}",
    YEAR = {2000},
    MONTH = {February},
    NUMBER = "2764",
    TYPE = "{RFC}",
    INSTITUTION = "{RFC Editor}",
    HOWPUBLISHED = {Internet Requests for Comments},
    url = {https://tools.ietf.org/html/2764}
}
@techreport{rfc793,
    AUTHOR = "Information Sciences Institute, University of Southern California",
    TITLE = "{TRANSMISSION CONTROL PROTOCOL}",
    YEAR = {1981},
    MONTH = {September},
    NUMBER = "7230",
    TYPE = "{RFC}",
    INSTITUTION = "{RFC Editor}",
    HOWPUBLISHED = {Internet Requests for Comments},
    url = {https://tools.ietf.org/html/rfc793}
}
@article{exploringsteno,
    AUTHOR = "Neil F, Johnson and Sushil, Jajodia",
    TITLE = "Exploring Steganography: Seeing the unseen",
    YEAR = "1998",
    MONTH = "Feb",
    INSTITUTION = "George Mason University",
    JOURNAL = "Computer",
    VOLUME = "31",
    NUMBER = "2",
    PAGES = "26--34",
    PUBLISHER = "IEEE"
}
@article{introsteno,
    AUTHOR = "N, Provos and P, Honeyman",
    TITLE = "Hide and seek: an introduction to steganography",
    YEAR = "2003",
    MONTH = "June",
    INSTITUTION = "University of Michigan",
    JOURNAL = "{IEEE Security \& Privacy}",
    VOLUME = "99",
    ISSUE = "3",
    PAGES = "32--44",
    PUBLISHER = "IEEE"
}
@article{detectingdns,
    AUTHOR="Greg Farnham",
    TITLE="Detecting DNS Tunneling",
    YEAR="2013",
    MONTH="Feb",
    INSTITUTION="SANS Institute",
    JOURNAL="SANS Institute Reading Room"
}
@article{freqanal,
    AUTHOR="Kenton, Born and Dr. David, Gustafson",
    TITLE ="Detecting DNS Tunnels Using Character Frequency Analysis",
    YEAR=2010,
    JOURNAL="CoRR",
    volume={abs,1004.4358}
}
@misc{dictsteno,
    AUTHOR = "Merriam-Webster Online:",
    TITLE="Steganography",
    URL = {https://www.merriam-webster.com},
    YEAR="2018",
    MONTH="February"
}
@misc{dictobfs,
    AUTHOR = "Merriam-Webster Online:",
    TITLE="Obfuscate",
    URL = {https://www.merriam-webster.com},
    YEAR="2018",
    MONTH="February"
}
@misc{dictenc,
    AUTHOR = "Christensson, P",
    TITLE="Encryption",
    URL = {https://techterms.com/definition/encryption},
    YEAR="2014",
    MONTH="November"
}
@misc{memtocrypto,
    AUTHOR="Bruce Schneier",
    MONTH="October",
    YEAR=1998,
    JOURNAL="Crypto-Gram",
    TITLE="Memo to the Amateur Cipher Designer",
    NUMBER="October 15",
    URL="https://www.schneier.com/crypto-gram/archives/1998/1015.html#cipherdesign"
}
@misc{privacyrulez,
    AUTHOR="Bruce Schneier",
    MONTH="May",
    YEAR="2006",
    JOURNAL="Schneier on Security",
    TITLE="The Value of Privacy",
    NUMBER="May 19",
    URL="https://www.schneier.com/blog/archives/2006/05/the_value_of_pr.html"
}
@misc{babyshower,
    AUTHOR="CHARLES DUHIGG",
    MONTH="February",
    YEAR="2012",
    TITLE="How Companies Learn Your Secrets",
    JOURNAL="New York Times",
    URL="https://www.nytimes.com/2012/02/19/magazine/shopping-habits.html"
}  
@misc{googlearewatching,
    AUTHOR="AATIF SULLEYMAN",
    MONTH="September",
    YEAR="2017",
    JOURNAL="The Independent",
    TITLE="Google lets you report ads that know 'too much' about you",
    URL="https://www.independent.co.uk/life-style/gadgets-and-tech/news/google-personalised-ads-settings-report-adverts-data-privacy-a7969706.html"
}
@misc{biggoogle,
    AUTHOR="Rani Molla",
    MONTH="July",
    YEAR="2017",
    JOURNAL="Recode",
    TITLE="Google lets you report ads that know 'too much' about you",
    URL="https://www.recode.net/2017/7/24/16020330/google-digital-mobile-ad-revenue-world-leader-facebook-growth"
}
